<?xml version="1.0" encoding="UTF-8"?><collection xmlns="http://www.loc.gov/MARC21/slim"><record><leader>00678nam--2200229-u-4500</leader><controlfield tag="001">000050316</controlfield><controlfield tag="002">20161230</controlfield><controlfield tag="003">81499</controlfield><controlfield tag="005">20161230201048</controlfield><controlfield tag="008">060530s1000------------r-----000-0-eng-d</controlfield><datafield ind1=" " ind2=" " tag="020"><subfield code="a">0-7923-3078-1</subfield></datafield><datafield ind1=" " ind2=" " tag="040"><subfield code="a">IFIN-HH</subfield></datafield><datafield ind1=" " ind2=" " tag="041"><subfield code="a">eng</subfield></datafield><datafield ind1=" " ind2=" " tag="080"><subfield code="a">517.443</subfield></datafield><datafield ind1="1" ind2=" " tag="100"><subfield code="a">Byrnes, J.S</subfield></datafield><datafield ind1="1" ind2="0" tag="245"><subfield code="a">Wavelets and Their Applications</subfield><subfield code="c">J.S. Byrnes, Jennifer L. Byrnes, Katrin A. Hargreaves, Karl Berry (Eds.)</subfield></datafield><datafield ind1=" " ind2=" " tag="260"><subfield code="a">Boston</subfield><subfield code="b">Kluwer Academic Phblishers</subfield><subfield code="c">1994</subfield></datafield><datafield ind1=" " ind2=" " tag="490"><subfield code="a">NATO ASI Series. Series C. Mathematical and Physical Sciences</subfield><subfield code="v">vol. 442</subfield></datafield><datafield ind1=" " ind2="4" tag="650"><subfield code="a">Wavelets</subfield></datafield><datafield ind1="1" ind2=" " tag="700"><subfield code="a">Byrnes, J.S</subfield></datafield><datafield ind1=" " ind2=" " tag="852"><subfield code="a">81499</subfield><subfield code="c">517</subfield></datafield><datafield ind1=" " ind2=" " tag="CAT"><subfield code="a">Sys</subfield><subfield code="c">20060530</subfield><subfield code="h">135158</subfield></datafield></record></collection>